<record><leader>00000cas a22000007a 4500</leader><controlfield tag="001">13429346</controlfield><controlfield tag="008">860414d18801918wiuwr ne      0    0eng d</controlfield><datafield ind1=" " ind2=" " tag="010"><subfield code="a">sn 86086170 </subfield></datafield><datafield ind1=" " ind2=" " tag="040"><subfield code="a">NPV</subfield><subfield code="b">eng</subfield><subfield code="c">NPV</subfield><subfield code="d">OCLCQ</subfield></datafield><datafield ind1=" " ind2=" " tag="042"><subfield code="a">msc</subfield></datafield><datafield ind1=" " ind2=" " tag="045"><subfield code="a">w8x1</subfield></datafield><datafield ind1=" " ind2=" " tag="052"><subfield code="a">4123</subfield><subfield code="b">D5</subfield></datafield><datafield ind1="0" ind2="0" tag="245"><subfield code="a">Juneau telephone.</subfield></datafield><datafield ind1="1" ind2="3" tag="246"><subfield code="a">Telephone</subfield></datafield><datafield ind1=" " ind2=" " tag="260"><subfield code="a">Juneau, Wis. :</subfield><subfield code="b">C.A. Pettibone,</subfield><subfield code="c">1880-1918.</subfield></datafield><datafield ind1=" " ind2=" " tag="300"><subfield code="a">v. :</subfield><subfield code="b">ill.</subfield></datafield><datafield ind1=" " ind2=" " tag="310"><subfield code="a">Weekly</subfield></datafield><datafield ind1="0" ind2=" " tag="362"><subfield code="a">Vol. 4, no. 16 (Nov. 12, 1880)-v. 41, no. 35 (Mar. 15, 1918).</subfield></datafield><datafield ind1=" " ind2=" " tag="500"><subfield code="a">Publisher varies.</subfield></datafield><datafield ind1=" " ind2=" " tag="500"><subfield code="a">Editors: C.A. Pettibone, Nov. 12, 1880-Jan. 29, 1886; J. Kelley, July 9, 1886-April 9, 1909.</subfield></datafield><datafield ind1=" " ind2=" " tag="525"><subfield code="a">Supplements accompany some issues.</subfield></datafield><datafield ind1=" " ind2=" " tag="530"><subfield code="a">Available on microfilm from The State Historical Society of Wisconsin.</subfield></datafield><datafield ind1=" " ind2=" " tag="752"><subfield code="a">United States</subfield><subfield code="b">Wisconsin</subfield><subfield code="c">Dodge</subfield><subfield code="d">Juneau.</subfield></datafield><datafield ind1="0" ind2="0" tag="780"><subfield code="t">Telephone (Mayville, Wis.)</subfield><subfield code="w">(DLC)sn 86086171</subfield></datafield><datafield ind1="1" ind2=" " tag="029"><subfield code="a">AU@</subfield><subfield code="b">000025824388</subfield></datafield></record>